@MISC{adolfsen:idium,
    author = "Janniche Adolfsen",
    title = {{Hvordan lage et vellykket Facebook-innlegg og forbedre organisk rekkevidde}},
    howpublished = {\textit{Idium}. {Lest 28. mai 2018.} \url{https://www.idium.no/blogg/	sosiale-medier/2015/forbedre-organisk-rekkevidde-facebook}},
    year={2015},
    publisher= {Idium},
}

@BOOK{levin:predictive,
    author = "{\"O}mer Artun and Dominique Levin",
    title = {{Predictive Marketing: Easy Ways Every Marketer Can Use Customer Analytics and Big Data}},
    publisher = {John Wiley & Sons},
    address = {Hoboken, New Jersey},
    year = {2015},
}

@MISC{eskedal:iteo,
    author = "Espen Eskedal",
    title = {{Endret markedsføring - Fra Top of Mind til Friend of Mine}},
    howpublished = {\textit{Iteo}. {Lest 2. juni 2018.} \url{https://www.iteo.no/endret-markedsforing-fra-top-mind-til-friend-mine/}},
    year={2014},
    publisher= {Iteo},
}

@MISC{faizi:inbound,
    author = "Jonas Faizi",
    title = {{Hva er Facebook Pixel?}},
    howpublished = {\textit{Inbound Norway}. {Lest 25. mai 2018.} \url{https://www.inboundnorway.com/blogg/hva-er-facebook-pixel}},
    year={2017},
    publisher= {Inbound Norway},
}

@MISC{fn:kraft,
    author = "{FN-sambandet}",
    title = {{FNs bærekraftsmål}},
    howpublished = {{Lest 15. mai 2018.} \url{https://www.fn.no/Om-FN/FNs-baerekraftsmaal}},
    year={2018},
    publisher= {FN},
}

@MISC{kolonial:ansvar,
    author = "{Kolonial.no}",
    title = {{Kolonial.no lages for fremtiden}},
    howpublished = {{Lest 15. mai 2018.} \url{https://kolonial.no/om/ansvar/}},
}

@BOOK{setiawan:marketing40,
    author = "Philip Kotler and Hermawan Kartajaya and Iwan Setiawan",
    title = {{Marketing 4.0}},
    publisher = {John Wiley & Sons},
    address = {Hoboken, New Jersey},
    year = {2017},
}

@MISC{markedspartner:personas,
    author = "{Markedspartner}",
    title = {{Hva er personas?}},
    howpublished = {{Lest 2.juni 2018.} \url{https://ordliste.markedspartner.no/hva-er/hva-er-personas/}},
}

@MISC{marvin:ispot,
    author = "Ginny Marvin",
    title = {{iSpot challenges Nielsen with real-time TV conversion analy	tics - The solution ties TV ad views to digital performance outcomes in gran	ular detail}},
    howpublished = {\textit{Martech Today}. {Lest 25. mai 2018.} \url{https://martechtoday.com/ispot	-tv-ad-conversion-analytics-platform-197760}},
    year = {2017}
}

@MISC{matvett:tallogfakta,
    author = "{Matvett.no}",
    title = {{Tall og fakta}},
    howpublished = {{Lest 3. juni 2018.} \url{http://www.matvett.no/bransje/tall-og-fakta}},
}

@MISC{nausthaug:godtone,
    author = "Olav Nausthaug",
    title = {{Hvordan finne en fin stil og holde en god tone}},
    howpublished = {{Lest 2. juni 2018.} \url{https://www.creuna.com/no/meninger/hvordan-finne-en-fin-stil-og-holde-en-god-tone/}},
    year = {2018},
}

@MISC{nho:disseermed,
    author = "{NHO Mat og drikke}",
    title = {{Disse er med}},
    howpublished = {{Lest 3. juni 2018.} \url{https://www.nhomd.no/politikk/en-barekraftig-mat--drikke--og-bionaring/matsvinn/bedriftene/}},
}

@MISC{nho:matsvinn,
    author = "{NHO Mat og drikke}",
    title = {{Matsvinn}},
    howpublished = {{\textit{NHO}. Lest 3. juni 2018.} \url{https://www.nhomd.no/politikk/en-barekraftig-mat--drikke--og-bionaring/matsvinn/}},
}

@MISC{nsd:fs,
    author = "{Norsk senter for forskningsdata}",
    title = {{Fullførte studieprogrammer}},
    howpublished = {{\textit{NSD}. Lest 4. juni 2018.} \url{http://dbh.nsd.uib.no/statistikk/rapport.action?visningId=131&visKode=false&columns=arstall&index=1&formel=291&hier=insttype!9!instkode!9!fakkode!9!ufakkode!9!progkode&sti=&param=arstall\%3D2017!8!2016!8!2015!9!dep_id\%3D1}},
}

@MISC{pihl:wordofmouth,
    author = "Roger Pihl",
    title = {{Word of Mouth}},
    howpublished = {{\textit{Store norske leksikon}. Lest 2. juni 2018.} \url{https://snl.no/Word_of_Mouth}},
    year = {2018},
}

@MISC{serafino:guidelines,
    author = "Jay Serafino",
    title = {{New Guidelines Redefine Birth Years for Millennials, Gen-X, 	and 'Post-Millennials'}},
    howpublished = {{\textit{Mental Floss}. Lest 4. juni 2018.} \url{http://mentalfloss.com/article/533632/new-guidelines-redefine-birth-years-millennials-gen-x-and-post-millennials}},
    year = {2018},
}

@MISC{ssb:samboere,
    author = "{Statistisk sentralbyrå}",
    title = {{Samboere}},
    howpublished = {{\textit{SSB}. Lest 4. juni 2018.} \url{https://www.ssb.no/befolkning/statistikker/samboer/aar}},
    year = {2018},
}

@MISC{ssb:famhus,
    author = "{Statistisk sentralbyrå}",
    title = {{Familier og husholdninger}},
    howpublished = {{\textit{SSB}. Lest 4. juni 2018.} \url{https://www.ssb.no/befolkning/statistikker/familie}},
    year = {2018},
}

@BOOK{nordbo:interaksjonsdesign,
    author = "Tone Nordbø",
    title = {{Introduksjon til interaksjonsdesign}},
    publisher = {Universitetsforlaget},
    address = {Oslo},
    year = {2017},
}

@MISC{ionic:framework,
    author = "{Ionic}",
    title = {{Ionic Framework Documentation}},
    howpublished = {\url{https://ionicframework.com/docs/}},
}

@MISC{angular:framework,
    author = "{Google}",
    title = {{Angular Docs}},
    howpublished = {\url{https://angular.io/docs}},
}

@MISC{morony:tutorials,
    author = "Josh Morony",
    title = {{Ionic Tutorials}},
    howpublished = {\url{https://www.joshmorony.com/category/ionic-tutorials/}},
}

@article{miller1956magical,
  title={The magical number seven, plus or minus two: Some limits on our capacity for processing information.},
  author={Miller, George A},
  journal={Psychological review},
  volume={63},
  number={2},
  pages={81},
  year={1956},
  publisher={American Psychological Association}
}
  
  
@BOOK{gamma1995design,
  title={Design patterns: elements of reusable object-oriented software},
  author={Gamma, Erich},
  year={1995},
  publisher={Addison-Wesley}
}

@misc{digiuniversell,
  title={Kva er  universell utforming?},
  author={Digitaliseringsdirektoratet},
  year={2020},
  howpublished = {\url{https://uu.difi.no/kva-er-universell-utforming}}
}

@misc{digiwcag,
    title={WCAG 2.1-standarden},
    author={Digitaliseringsdirektoratet},
    year={2020},
    howpublished = {\url{https://uu.difi.no/krav-og-regelverk/webdirektivet-og-wcag-21/wcag-21-standarden?fbclid=IwAR30F783cd1N2o2OrMxSIxnmiFQ_uVzsROigIK24oRvUpEfTn4llg0qN4m4}}
}

@misc{nngsteppers,
     title={Design Guidelines for Input Steppers},
     author={Tammy Zhou},
     year={2018},
     publisher={Nielsen Norman Group},
     howpublished = {\url{https://www.nngroup.com/articles/input-steppers/?fbclid=IwAR0FoJ0-uHlNSAo1lHOtizw3xi9KOpfdw2GmETKdvdw4AClUOdfq2mtIs94}}
}
    
@BOOK{christopheralexander,
     title={The Timeless Way of Building},
     author={Christopher Alexander},
     year={1979},
     pages={552},
     publisher={Oxford University Press}
}


